@article{oztireli2012analysis,
  title={Analysis and synthesis of point distributions based on pair correlation},
  author={{\"O}ztireli, A Cengiz and Gross, Markus},
  journal={ACM Transactions on Graphics (TOG)},
  volume={31},
  number={6},
  pages={170},
  year={2012},
  publisher={ACM}
}

@inproceedings{lagae2008comparison,
  title={A comparison of methods for generating Poisson disk distributions},
  author={Lagae, Ares and Dutr{\'e}, Philip},
  booktitle={Computer Graphics Forum},
  volume={27},
  number={1},
  pages={114--129},
  year={2008},
  organization={Wiley Online Library}
}

@article{gamito2009accurate,
  title={Accurate multidimensional Poisson-disk sampling},
  author={Gamito, Manuel N and Maddock, Steve C},
  journal={ACM Transactions on Graphics (TOG)},
  volume={29},
  number={1},
  pages={8},
  year={2009},
  publisher={ACM}
}

@inproceedings{boykov2001interactive,
  title={Interactive graph cuts for optimal boundary \& region segmentation of objects in ND images},
  author={Boykov, Yuri Y and Jolly, M-P},
  booktitle={Computer Vision, 2001. ICCV 2001. Proceedings. Eighth IEEE International Conference on},
  volume={1},
  pages={105--112},
  year={2001},
  organization={IEEE}
}